@book{ei,
author={Edward R. Tufte},
title={Envisioning Information},
publisher={Graphics Press},
location={Cheshire, Connecticut},
year={1990}
}

@misc{nat,
title={Normas de Apresentação Tabular},
author={IBGE},
year={1993},
publisher={Fundação Instituto Brasileiro de Geografia e Estatística},
location={Rio de Janeiro}
}

@book{mw,
author = {Knuth, Donald E. and Larrabee, Tracy and Roberts, Paul M.},
title = {Mathematical Writing},
year = {1989},
isbn = {088385063X},
publisher = {Mathematical Association of America},
address = {USA}
}

@book{minto1,
  title={The Pyramid Principle: Logic in Writing and Thinking},
  author={Minto, Barbara},
  isbn={9780273710516},
  lccn={2009396730},
  series={Financial Times Series},
  url={https://books.google.com.br/books?id=VseP7-7hCNYC},
  year={2009},
  publisher={Financial Times Prentice Hall}
}


@book{minto2,
author = {Minto, Barbara},
address = {London},
isbn = {0960191038},
booktitle = {The Minto pyramid principle : logic in writing, thinking, and problem solving},
keywords = {English language -- Business English},
language = {eng},
lccn = {95094799},
publisher = {Minto International},
title = {The Minto pyramid principle : logic in writing, thinking, and problem solving },
year = {1996},
edition = {New and expanded ed.},
}

@book{wcs,
author = {Zobel, Justin},
title = {Writing for Computer Science},
year = {2015},
isbn = {1447166388},
publisher = {Springer Publishing Company, Incorporated},
edition = {3rd}
}

@inbook{Basili94,
  added-at = {2013-04-12T09:41:53.000+0200},
  author = {Basili, Victor R. and Caldiera, Gianluigi and Rombach, Dieter H.},
  biburl = {https://www.bibsonomy.org/bibtex/2ed38a7a0ec5148979dc72d0a65034eb4/stammel},
  interhash = {5ec22d0fe4c94ce5a4c41a3d09533f9f},
  intrahash = {ed38a7a0ec5148979dc72d0a65034eb4},
  journal = {Encyclopedia of Software Engineering},
  keywords = {goal gqm metric question},
  publisher = {John Wiley \& Sons},
  timestamp = {2013-04-12T09:41:53.000+0200},
  title = {{T}he {G}oal {Q}uestion {M}etric {A}pproach},
  volume = {I},
  year = 1994
}
@book{gqmm,
   title =     {The Goal Question Metric Method : a Practical Guide for Quality Improvement of Software Development},
   author =    {Rini Van Solingen, Egon Berghout},
   publisher = {McGraw-Hill Inc.,US},
   year =      {1999},
   series =    {},
   edition =   {},
   volume =    {},
   url =       {http://gen.lib.rus.ec/book/index.php?md5=d165b5ced605c548a1f9d89c06f49578}}
